% Encoding: UTF-8
@misc{CiteScore2016,
  title        = {CiteScore: a new metric to help you track journal performance and make decisions},
  author       = {Zijlstra, Hans and McCullough, Rachel},
  year         = {2016},
  howpublished = {\url{https://www.elsevier.com/connect/editors-update/citescore-a-new-metric-to-help-you-choose-the-right-journal}},
  note         = {Accessed: 26.11.2022}
}

@article{moed2010measuring,
  title     = {Measuring contextual citation impact of scientific journals},
  author    = {Moed, Henk F},
  journal   = {Journal of informetrics},
  volume    = {4},
  number    = {3},
  pages     = {265--277},
  year      = {2010},
  publisher = {Elsevier}
}
